<?xml version="1.0" encoding="utf-8"?>
<record xmlns="http://www.loc.gov/MARC21/slim" xmlns:xsi="http://www.w3.org/2001/XMLSchema-instance" xsi:schemaLocation="http://www.loc.gov/MARC21/slim http://www.loc.gov/standards/marcxml/schema/MARC21slim.xsd">
	<leader>     nam a22     Mi 4500</leader>
	<controlfield tag="001">2601755</controlfield>
	<controlfield tag="003">NNC</controlfield>
	<controlfield tag="006">m        d        </controlfield>
	<controlfield tag="007">cr cn |||m|||a</controlfield>
	<controlfield tag="008">181206m19571961sy      o     000 0 ara d</controlfield>
	<datafield ind1=" " ind2=" " tag="040">
		<subfield code="a">ZYU</subfield>
		<subfield code="b">ara</subfield>
		<subfield code="e">rda</subfield>
		<subfield code="c">ZYU</subfield>
	</datafield>
	<datafield ind1=" " ind2="4" tag="050">
		<subfield code="a">Z7052</subfield>
		<subfield code="b">.K35 1957</subfield>
	</datafield>
	<datafield ind1="1" ind2=" " tag="100">
		<subfield code="6">880-01</subfield>
		<subfield code="a">Kaḥḥālah, ʻUmar Riḍā.</subfield>
	</datafield>
	<datafield ind1="1" ind2="0" tag="245">
		<subfield code="6">880-02</subfield>
		<subfield code="a">Muʻjam al-muʼallifīn :</subfield>
		<subfield code="b">tarājim muṣannifī al-kutub al-ʻarabīyah, taʼlīf ʻUmar Riḍā Kaḥḥālah.</subfield>
	</datafield>
	<datafield ind1=" " ind2=" " tag="260">
		<subfield code="6">880-03</subfield>
		<subfield code="a">Dimashq :</subfield>
		<subfield code="b">Maṭba ʻat al-Taraqqī,</subfield>
		<subfield code="c">1957-1961.</subfield>
	</datafield>
	<datafield ind1=" " ind2=" " tag="300">
		<subfield code="a">online resource (15 volumes)</subfield>
	</datafield>
	<datafield ind1=" " ind2=" " tag="336">
		<subfield code="a">text</subfield>
		<subfield code="2">rdacontent</subfield>
	</datafield>
	<datafield ind1=" " ind2=" " tag="337">
		<subfield code="a">computer</subfield>
		<subfield code="2">rdamedia</subfield>
	</datafield>
	<datafield ind1=" " ind2=" " tag="338">
		<subfield code="a">online resource</subfield>
		<subfield code="2">rdacarrier</subfield>
	</datafield>
	<datafield ind1=" " ind2=" " tag="500">
		<subfield code="a">Part of the Arabic Collections Online (ACO) project, contributed by Columbia University Libraries.</subfield>
	</datafield>
	<datafield ind1=" " ind2=" " tag="533">
		<subfield code="a">Electronic reproduction.</subfield>
		<subfield code="b">New York, N.Y. :</subfield>
		<subfield code="c">New York University,</subfield>
		<subfield code="d">2018.</subfield>
		<subfield code="5">NNU</subfield>
	</datafield>
	<datafield ind1="2" ind2=" " tag="710">
		<subfield code="a">Columbia University.</subfield>
		<subfield code="b">Libraries.</subfield>
	</datafield>
	<datafield ind1="0" ind2=" " tag="730">
		<subfield code="a">Arabic Collections Online.</subfield>
	</datafield>
	<datafield ind1="0" ind2="8" tag="776">
		<subfield code="i">Print version:</subfield>
		<subfield code="a">Kaḥḥālah, ʻUmar Riḍā.</subfield>
		<subfield code="t">Muʻjam al-muʼallifīn</subfield>
		<subfield code="w">(NNC)2601755</subfield>
		<subfield code="w">(OCoLC)44658999</subfield>
	</datafield>
	<datafield ind1="4" ind2="0" tag="856">
		<subfield code="u">http://hdl.handle.net/2333.1/tmpg4nh9</subfield>
	</datafield>
	<datafield ind1="1" ind2=" " tag="880">
		<subfield code="6">100-01</subfield>
		<subfield code="a">كحالة، عمر رضا.</subfield>
	</datafield>
	<datafield ind1="1" ind2="0" tag="880">
		<subfield code="6">245-02</subfield>
		<subfield code="a">معجم المؤلفين :</subfield>
		<subfield code="b">تراجم مصنفي الكتب العربية، تأليف عمر رضا كحالة.</subfield>
	</datafield>
	<datafield ind1=" " ind2=" " tag="880">
		<subfield code="6">260-03</subfield>
		<subfield code="a">دمشق :</subfield>
		<subfield code="b">مطبعة الترقي،</subfield>
		<subfield code="c">1957-1961.</subfield>
	</datafield>
	<datafield ind1=" " ind2=" " tag="959">
		<subfield code="a">NNU</subfield>
		<subfield code="b">WEB</subfield>
		<subfield code="c">GENI</subfield>
		<subfield code="t">0</subfield>
		<subfield code="m">Electronic access</subfield>
		<subfield code="s">01</subfield>
	</datafield>
	<datafield ind1=" " ind2=" " tag="999">
		<subfield code="i">NNC_2601755</subfield>
		<subfield code="o">(OCoLC)ocm44658999</subfield>
		<subfield code="s">columbia_aco003085:v.1</subfield>
		<subfield code="s">columbia_aco003086:v.2</subfield>
		<subfield code="s">columbia_aco003087:v.3</subfield>
		<subfield code="s">columbia_aco003088:v.4</subfield>
		<subfield code="s">columbia_aco003089:v.5</subfield>
		<subfield code="s">columbia_aco003090:v.6</subfield>
		<subfield code="s">columbia_aco003091:v.7</subfield>
		<subfield code="s">columbia_aco003092:v.8</subfield>
		<subfield code="s">columbia_aco003093:v.9</subfield>
		<subfield code="s">columbia_aco003094:v.10</subfield>
		<subfield code="s">columbia_aco003095:v.11</subfield>
		<subfield code="s">columbia_aco003096:v.12</subfield>
		<subfield code="s">columbia_aco003097:v.13</subfield>
		<subfield code="s">columbia_aco003098:v.14</subfield>
		<subfield code="s">columbia_aco003099:v.15</subfield>
		<subfield code="e">(ERROR-880)</subfield>
		<subfield code="s">columbia_aco003085:v.1</subfield>
		<subfield code="s">columbia_aco003086:v.2</subfield>
		<subfield code="s">columbia_aco003087:v.3</subfield>
		<subfield code="s">columbia_aco003088:v.4</subfield>
		<subfield code="s">columbia_aco003089:v.5</subfield>
		<subfield code="s">columbia_aco003090:v.6</subfield>
		<subfield code="s">columbia_aco003091:v.7</subfield>
		<subfield code="s">columbia_aco003092:v.8</subfield>
		<subfield code="s">columbia_aco003093:v.9</subfield>
		<subfield code="s">columbia_aco003094:v.10</subfield>
		<subfield code="s">columbia_aco003095:v.11</subfield>
		<subfield code="s">columbia_aco003096:v.12</subfield>
		<subfield code="s">columbia_aco003097:v.13</subfield>
		<subfield code="s">columbia_aco003098:v.14</subfield>
		<subfield code="s">columbia_aco003099:v.15</subfield>
	</datafield>
</record>
